%JOYCE
@article{joyce1982classifying,
  title={A classifying invariant of knots, the knot quandle},
  author={Joyce, David},
  journal={Journal of Pure and Applied Algebra},
  volume={23},
  number={1},
  pages={37--65},
  year={1982},
  publisher={Elsevier}
}

%NELSON
@article{https://doi.org/10.48550/arxiv.math/0412417,
  doi = {10.48550/ARXIV.MATH/0412417},
  url = {https://arxiv.org/abs/math/0412417},
  author = {Ho, Benita and Nelson, Sam},
  keywords = {Geometric Topology (math.GT), FOS: Mathematics, FOS: Mathematics, 57M27},
  title = {Matrices and Finite Quandles},
  publisher = {arXiv},
  year = {2004},
  copyright = {Assumed arXiv.org perpetual, non-exclusive license to distribute this article for submissions made before January 2004}
}

%EGTY
@article{ehrman2008toward,
  title={Toward a classification of finite quandles},
  author={Ehrman, Geoff and Gurpinar, Ata and Thibault, Matthew and Yetter, DN},
  journal={Journal of Knot Theory and Its Ramifications},
  volume={17},
  number={04},
  pages={511--520},
  year={2008},
  publisher={World Scientific}
}


%SAKIKIANI
@article{saki2021complemented,
  title={Complemented lattices of subracks},
  author={Saki, A and Kiani, D},
  journal={Journal of Algebraic Combinatorics},
  volume={53},
  number={2},
  pages={455--468},
  year={2021},
  publisher={Springer}
}

@article{birrell2007knot,
  title={The knot quandle},
  author={Birrell, Eleanor},
  journal={Instructions for Authors. All submissions should},
  pages={33},
  year={2007}
}

@article{wikipediaKnotGroup,
  title = {Wikipedia: Knot Groups},
  url = https://en.wikipedia.org/wiki/Knot_group,
}